[1]W. E. Boyce and R. C. DiPrima, Elementary differential equations and boundary value problems, 7th ed. New York: Wiley, 2001.
